<?xml version="1.0" encoding="UTF-8"?><collection xmlns="http://www.loc.gov/MARC21/slim"><record><leader>00434nam--2200133-i-4500</leader><controlfield tag="001">000041547</controlfield><controlfield tag="002">20161230</controlfield><controlfield tag="005">20161230201043</controlfield><controlfield tag="008">060222s1000------------r-----000-0-eng-d</controlfield><datafield ind1=" " ind2=" " tag="080"><subfield code="a">551.49(043)</subfield></datafield><datafield ind1=" " ind2=" " tag="100"><subfield code="a">Siegenthaler,Ulrich Christian</subfield></datafield><datafield ind1=" " ind2=" " tag="245"><subfield code="a">Sauerstoff-18, deuterium und tritium im wasserkreslauf, beitrage zu...inaugural dissertation</subfield></datafield><datafield ind1=" " ind2=" " tag="260"><subfield code="a">Bern, Philosophisch-naturwissenschaftlichen Fakultat, 1971. 9 P</subfield></datafield><datafield ind1=" " ind2=" " tag="852"><subfield code="a">42506</subfield></datafield></record></collection>